%% Sample bibliography file for asmeconf.bst and asmeconf.cls
%%
%% Revised 30 December 2022
%% Copyright John H. Lienhard, MIT
%% Offered under the MIT license: https://ctan.org/license/mit 

% Warren's References%%%%%%%%%%%%%%%%%%%%%%%%%%%%%%%%%%%%%%%%%%%%%%%%


@incollection{sheng_chapter_2011,
	address = {Boston},
	title = {Chapter 5 - {Polymer} {Flooding}},
	isbn = {978-1-85617-745-0},
	url = {https://www.sciencedirect.com/science/article/pii/B978185617745000005X},
	booktitle = {Modern {Chemical} {Enhanced} {Oil} {Recovery}},
	publisher = {Gulf Professional Publishing},
	author = {Sheng, James J.},
	editor = {Sheng, James J.},
	year = {2011},
	doi = {https://doi.org/10.1016/B978-1-85617-745-0.00005-X},
	pages = {101--206},
}


@article{ghomian_reservoir_2008,
	title = {Reservoir simulation of {CO2} sequestration pilot in {Frio} brine formation, {USA} {Gulf} {Coast}},
	volume = {33},
	issn = {0360-5442},
	url = {https://www.sciencedirect.com/science/article/pii/S0360544208000509},
	doi = {https://doi.org/10.1016/j.energy.2008.02.011},
	number = {7},
	journal = {Energy},
	author = {Ghomian, Yousef and Pope, Gary A. and Sepehrnoori, Kamy},
	year = {2008},
	keywords = {Aquifer storage, Carbon dioxide, CO sequestration, CO storage, Reservoir simulation},
	pages = {1055--1067},
}

@Paper{Moody,
    title={ Friction factors for pipe flow },
    authors={ L. F. Moody },
    year={ 1943 },
    volume={ 66 },
    pages={ 671-684 },
}

@online{IHS,
  author 	= {NA},
  title 	= {Pressure Loss Correlations - Multiphase Flow Theory},
  organization = {IHS Markit Ltd.},
  year 		= {2021},
  url 		= {https://www.ihsenergy.ca/support/documentation_ca/Piper/2018_1/Content/HTML_Files/Reference/20materials/Pressure_loss_correlations/c-te-pressure.htm},
  urldate 	= {May 5, 2023},
}      

@BOOK{AAPG,
  author 	= {Diane Morton-Thompson and Arnold M. Woods},
  year 		= {1994},
  title 	= {Development Geology Reference Manual ()},
  edition 	= {3},
  series 	= {AAPG Methods in Exploration series},
  volume 	= {10},
  publisher = {AAPG},
}

@article{CCSProjects2023,
    author 	= {Ike Emehelu and Chinelo Ojike},
    title 	= {Notable US Carbon Capture And Storage Projects - Oil, Gas & Electricity - United States},
    year 		= {2022},
    url 		= {https://www.mondaq.com/unitedstates/oil-gas--electricity/1267524/notable-us-carbon-capture-and-storage-projects},
}
@techreport{IBDP2017,
    author 	= {N.A.},
    title 	= {Illinois Basin – Decatur Project (IBDP)},
    journal 	= {DOE, National Energy Technology Laboratory},
    year 		= {2017},
    url 		= {https://netl.doe.gov/coal/carbon-storage/atlas/mgsc/phase-III/ibdp},
}
@article{IRA2022,
    author 	= {Kara Hunt},
    title 	= {The Inflation Reduction Act creates a whole new market for carbon capture},
    journal 	= {Clean Air Task Force},
    year 		= {2022},
    url 		= {https://www.catf.us/2022/08/the-inflation-reduction-act-creates-a-whole-new-market-for-carbon-capture/},
}
@article{Smyth2020,
author 	= {J. Smyth},
    title 	= {Petra Nova carbon capture project stalls with cheap oil.},
    journal 	= {Energy and Policy Institute. },
    year 		= {2020},
    url 		= {https://www.energyandpolicy.org/petra-nova/},
}

@techreport{USGS2013,
    author 	= {USGS},
    title 	= {National Assessment of Geologic Carbon Dioxide Storage Resources—Results.},
    journal 	= {USGS Circular 1386},
    year 		= {2013},
    url 		= {https://pubs.usgs.gov/circ/1386/},
}

@techreport{EPA_2017,
    author 	= {US EPA, OAR},
    title 	= {Inventory of U.S. Greenhouse Gas Emissions and Sinks},
    journal 	= {Reports and Assessments},
    year 		= {2017},
    url 		= {https://www.epa.gov/ghgemissions/inventory-us-greenhouse-gas-emissions-and-sinks},
}

%% End Warren References %%%%%%%%%%%%%%%%%%%%%%%%%%%%%%%%%%%%%%%%

% Stephen References %%%%%%%%%%%%%%%%%%%%%%%%%%%%%%%%%%%%%%%%

@article{jackson_2018,
  author 	= {S Jackson, E Brodal},
  title 	= {A Comparison of the Energy Consumption for CO2 Compression Process Alternatives.},
  journal 	= {IOP Conference Series: Earth and Environmental Science},
  year 		= {2018},
  volume 	= {167},
  pages 	= {012031},
  doi 		= {10.1088/1755-1315/167/1/012031},
}

@techreport{darrow,
    author 	= {US EPA, Ken Darrow},
    title 	= {Section 3. Technology Characterization - Combustion Turbines},
    journal 	= {Combined Heat and Power},
    year 		= {2015},
    url 		= {https://19january2017snapshot.epa.gov/sites/production/files/2015-07/documents/catalog_of_chp_technologies_section_3._technology_characterization_-_combustion_turbines.pdf},
}

@article{ViscGas,
author 	= {Rod Nave},
    title 	= {Viscosity of Gases},
    journal 	= {Georgia State University Department of Astrophysics},
    url 		= {https://hyperphysics.phy-astr.gsu.edu/hbase/Kinetic/visgas.html},
}

@article{Pressloss,
author 	= {Neutrium},
    title 	= {Pressure Loss in Pipe},
    url 		= {https://neutrium.net/fluid-flow/pressure-loss-in-pipe/},
}

@article{bautista,
  author 	= {Juan Pablo Vargas Bautista},
  title 	= {Heat Recovery System in an Industrial Furnace to Generate Air Conditioning through an Absorption Chiller.},
  journal 	= {INVESTIGACION & DESARROLLO},
  year 		= {2014},
  volume 	= {14},
  pages 	= {117-134},
  doi 		= {10.23881/idupbo.014.1-7i},
}

@BOOK{ogden,
  title 	= {Developments and Innovation in Carbon Dioxide (CO2) Capture and Storage Technology},
  publisher = {Woodhead Publishing},
  year 		= {2010},
  volume = {1},
  author 	= {J. Ogden, N. Johnson},
  doi 		= {https://doi.org/10.1533/9781845699574.1.27},
}
%% book supports these fields: 	author OR editor, year, title, edition, series, volume OR number 
%%								publisher, address, doi, url, eprint with archive, version, versiontype, note. 
@article{ogden,
 
  volume 	= {14},
  pages 	= {117-134},
}
%End Stephen References %%%%%%%%%%%%%%%%%%%%%%%%%%%%%%%%%%%%%%%%

%John Reference %%%%%%%%%%%%%%%%%%%%%%%%%%%%%%%%%%%%%%%%
@article{Blank2020,
author 	= {J. Blank, Kalyanmoy Deb},
    title 	= {Pymoo: Multi-Objective Optimization in Python},
    journal 	= {Institute for Electronic and Electrical Engineers },
    year 		= {2020},
    url 		= {https://ieeexplore.ieee.org/stamp/stamp.jsp?tp=&arnumber=9078759/},
}
%End John References %%%%%%%%%%%%%%%%%%%%%%%%%%%%%%%%%%%%%%%%

@article{ning2002,
  author 	= {Xiang Ning and Mary Rose Lovell},
  title 	= {On the Sliding Friction Characteristics of Unidirectional Continuous FRP Deposits},
  journal 	= {ASME Journal of Tribology},
  year 		= {2002},
  volume 	= {48},
  number 	= {5},
  pages 	= {2000--2008},
  doi 		= {10.1115/1.4042912},
}


%% article supports these fields: 	author, year, title, journal, volume, number, pages OR eid (and numpages), 
%%									doi, url, eprint with archive, note.  
%%
%% There's no need to give the URL if it is simply the DOI, since the DOI itself will be hyperlinked.
%%			  url = {https://doi.org/10.1115/1.4042912}. ASME requests that a URL point to the abstract.

@BOOK{gibson2008,
  title 	= {The Big Book of Cellular Studies},
  publisher = {John Wiley and Sons},
  year 		= {2008},
  author 	= {Tom A. Gibson and Matthew A. Tucker},
  address 	= {New York},
}
%% book supports these fields: 	author OR editor, year, title, edition, series, volume OR number 
%%								publisher, address, doi, url, eprint with archive, version, versiontype, note. 
%% You can change "Version" with "versiontype, e.g., versiontype = {Release},

@INCOLLECTION{stevens1999,
  author 	= {Thomas T. Stevens},
  title 	= {Stochastic Fields and Their Digital Simulation},
  booktitle = {Stochastic Methods},
  publisher = {Martimius Publishers},
  address 	= {Dordrecht},
  year 		= {1999},
  pages 	= {22--36},
}
%% incollection supports these fields:  author, year, title, booktitle, edition, editor, series,  
%%										volume OR number, publisher, address, type, chapter, 
%%										pages, doi, note, eprint with archive, url, urldate.
%%
%% type = { }, changes default "Chap." to something else.

@inproceedings{wions2005,
  author 	= {Thomas Wions and Christopher D. Mills}, 
  title 	= {Structural Dynamics in Parallel Manipulation},
  booktitle = {Proceedings of the ASME IDETC/CIE},
  number 	= {DETC2005-99532},
  venue 	= {New Orleans, LA},
  eventdate = {September 10--13},
  year 		= {2005},
  pages 	= {777--798},
  doi 		= {10.1115/1.4042912},
  url 		= {https://doi.org/10.1115/1.4042912},
}
%% inproceedings supports these fields: author, year, title, booktitle, edition, editor, volume, 
%%										organization OR publisher, address, venue, eventdate, 
%%										[paper] number, pages, doi, note, eprint with archive, url, urldate. 
%%
%% Note that venue and eventdate are specific to the asmeconf.bst style.
%% There's actually no need to give the URL if it is simply the DOI because the DOI itself will be hyperlinked.
%% ASME requests that the URL point to the abstract.

@phdthesis{smith2002,
  author 	= {Robert Smith},
  title 	= {Conformal Lubricated Contact of Cylindrical Surfaces Involved in a Non-Steady Motion},
  school 	= {Rochester Institute of Technology},
  address 	= {Rochester, NY},
  year 		= {2002},
  doi 		= {10.1115/1.4042912},
  url 		= {https://doi.org/10.1115/1.4042912},
}
%% phdthesis supports these fields: author, title, school, address, year,  type, note.
%% 									doi, eprint with archive, url, urldate, urltype
%%
%% type = {Sc{D} {T}hesis}, could be added to change the type of thesis. 
%% There's really no need to give the URL if it is simply the DOI; the DOI itself will be hyperlinked. 
%% ASME requests that the URL point to the abstract.

@mastersthesis{smith1998,
  author 	= {Robert Smith},
  title 	= {Conformal Lubricated Contact of Cylindrical Surfaces Involved in a Steady Motion},
  school 	= {Rochester Institute of Technology},
  address 	= {Rochester, NY},
  year 		= {1998},
}
%% mastersthesis supports these fields: author, title, school, address, year,  type, note,
%% 										doi, eprint with archive, url, urldate, urltype
%%
%% type={} can optionally be used to change the type of thesis, as in next example. Default is "Master's thesis". 
%% ASME requests that the URL point to the abstract.

@mastersthesis{smith1996,
  author 	= {Robert Smith},
  title 	= {Cylindrical Surfaces Involved in a Steady Motion},
  type 		= {{BS} {T}hesis},
  school 	= {Rochester Institute of Technology},
  address 	= {Rochester, NY},
  year 		= {1996},
}
%% To get a bachelor's thesis, use type = {} as above.

@techreport{watson1982,
  author 	= {David Watson},
  title 	= {Evaporative Heat Transfer in the Contact Line of a Mixture},
  institution = {Iowa State University},
  address 	= {Ames, IA},
  number 	= {HTL-26, CFD-4}, 
  year 		= {1982},
  doi 		= {10.1115/1.4042912},
  url 		= {https://doi.org/10.1115/1.4042912},
}
%% techreport supports the fields: 	author, title, number, institution, address, year, doi, url, 
%%									eprint with archive, note. 
%%
%% if type = is omitted, it will default to "Tech. Rep." See the example below for changing this.

@techreport{reynolds58,
  author 	= {William C. Reynolds and William M. Kays and Stephen J. Kline},
  title 	= {Heat Transfer in the Incompressible Turbulent Boundary Layer. {I}--{C}onstant Wall Temperature},
  type 		= {Memorandum},
  institution = {NASA},
  address 	= {Washington, DC},
  number 	= {12-1-58W},
  year 		= {1958},
  eprint	= {2060/19980228020},
  archive 	= hdl,
}
% if type = is omitted, it will default to "Tech. Rep."

@incollection{DKE70,
  author    = {Donald K. Edwards},
  title 	= {Thermal Radiation Measurements},
  editor    = {Ernst R. G. Eckert and Richard J. Goldstein},
  booktitle = {Measurement Techniques in Heat Transfer}, 
  chapter   = {9},
  pages     = {353--396},
  volume 	= {130},
  series	= {{AGARD}ograph},
  publisher = {Technivision Services},
  address   = {Slough, England},
  year	 	= {1970},
  note 		= {Published by the Advisory Group for Aerospace Research and Development of {NATO}},
}
%% If you need to change "Chap." to something else, use for example:  type = {{C}hapter},
%% It's very uncommon to have the "series" field as above.

@article{Lienhard2019b,
  author 	= {Lienhard, V, John H.},
  title 	= {Exterior Shape Factors from Interior Shape Factors},
  journal 	= jht,
  doi 		= {10.1115/1.4042912},
  volume 	= {141},
  number 	= {6},
  eid 		= {061301},
  year 		= {2019},
}
%% Note eid field rather than page numbers.  Will not produce "pp." before the eid number.
%% May include numpages = {} to get "eid (numpages pages)"
%% Note use of jht macro for title title (produces "ASME J. Heat Transfer"). All ASME journals have macros.

@article{lienhard2023,
    author = {Lienhard, V, John H.},
    title = {Steady Two-Dimensional Conduction: Simple and Double Layer Potentials, Corner Singularities, and Induced Heat Flux},
    journal = jhmt,
    volume = {145},
    number = {3},
    eid = {031401},
    year = {2023},
    month = {3},
    doi = {10.1115/1.4055833},
}
%% note use of: eid in place of pages, and use of jhmt macro for the journal name

@online{bezos2020,
  author 	= {Johannes L. Braams and Javier Bezos},
  title 	= {{\texttt{babel}}: Localization and internationalization},
  organization = {Comprehensive \TeX\ Archive Network},
  version	= {3.52},
  year 		= {2020},
  url 		= {https://ctan.org/pkg/babel},
  urldate 	= {January 3, 2021},
}      
%% online supports these fields: author OR editor, year, title, version, versiontype, organization, address, 
%%                               note, url OR eprint with archive, urldate, urltype
%% You can change "Accessed" with "urltype", e.g., urltype = {retrieved},
%% You can change "Version" with "versiontype, e.g., versiontype = {Release},

@online{lienhard2021,
  author 	= {Lienhard, V, John H.},
  title 	= {Language Support in {\texttt{asmeconf}}: non-latin alphabets, {\LuaLaTeX}, and {\texttt{fontspec}}},
  version	= {1.0},
  organization = {Comprehensive \TeX\ Archive Network},
  year 		= {2021},
  url		= {https://www.ctan.org/pkg/asmeconf},
  urldate 	= {January 18, 2021},
}    

@book{fourier1822,
  author  	= {Jean Baptiste Joseph Fourier},
  year		= {1822},
  title		= {Th\'{e}orie Analytique de la Chaleur},
  publisher = {Firmin Didot, P\`{e}re et Fils},
  address	= {Paris},
  url		= {https://books.google.com/books?id=1TUVAAAAQAAJ},
}
%%	English translation is here:
%%  url	= {https://archive.org/details/analyticaltheory00fourrich},
                     
@BOOK{johnson1980,
  editor 	= {Howard Johnson},
  title 	= {Title of Edited Book},
  publisher = {John Wiley and Sons, Inc.},
  address 	= {New York, NY},
  year 		= {1980},
}
%% edited book

@proceedings{proceedings,
  title		= {The Title of the Proceedings},
  year		= 2015,
  editor	= {Al Yankovich and Howard Stern},
  volume	= {15},
  organization = {Organization},
  venue		= {Boston, MA},
  eventdate	= {April 27--28},
  url		= {http://web.mit.edu},
  note		= {Optional note},
}
%% proceedings supports these fields: author OR editor, year, title, edition, editor, 
%%                                    series, volume OR number, organization, publisher, 
%%                                    address [of organization or publisher], venue, eventdate,
%%                                    doi, url, eprint with archive.
%%
%% The organization will appear as author/editor if those fields are both empty.
%% In most instances, the publisher is the organization so only one of these two fields should be used

@misc{govindan2017,
  author 	= {Prakash Narayan Govindan and Steven Lam and Maximus G. {St. John}},
  title 	= {Systems Including a Condensing Apparatus Such As a Bubble Column Condenser}, 
  howpublished = {US Patent {\#}9700811},
  year 		= {2017},
  url		= {https://patents.google.com/patent/US9700811B2},
}
%% US Patent 

@misc{Fong2015,
  title 	= {Analytical Methods for Squaring the Disc},
  author 	= {Chamberlain Fong},
  howpublished = {{\itshape ArXiv e-prints}},
  year 		= {2015},
  eprint 	= {1509.06344},
  archive	= arxiv,
}
%%  eprint + arxiv produces the same result as: url = {https://arxiv.org/abs/1509.06344v3},

@manual{GSL,
  title		= {{GNU} Scientific Library},
  author 	= {Mark Galassi 
	and Jim Davies
	and James Theiler
	and Brian Gough
	and Gerard Jungman
	and Patrick Alken
	and Michael Booth
	and Fabrice Rossi
	and Rhys Ulerich},
	version = {2.4},
	versiontype = {Release},
  organization = {Free Software Foundation},
  address 	= {Boston, MA},
  year 		= 2017,
  url 		= {https://www.gnu.org/software/gsl/},
}
%% manual supports these fields: 	author, year, title, edition, organization, address, 
%%									doi, eprint with archive, urldate, url, version, versiontype, note.
%% You can change "Accessed" with "urltype", e.g., urltype = {retrieved},
%% You can change "Version" with "versiontype, e.g., versiontype = {Release},


@online{amsmath,
  author 	= {{American Mathematical Society} and {LATEX3 Project}},
  title 	= {User's Guide for the \textsf{amsmath} Package},
  version	= {2.1},
  organization = {Comprehensive \TeX\ Archive Network},
  year 		= {2018},
  url 		= {https://ctan.org/tex-archive/macros/latex/required/amsmath/amsldoc.pdf},
  urldate 	= {July 5, 2019},
}

@online{lienhard2022,
  author 	= {Lienhard, V, John H.},
  title 	= {Wide Equations in {\texttt{asmeconf.cls}}},
  version	= {1.0},
  organization = {Comprehensive \TeX\ Archive Network},
  year 		= {2022},
  url		= {https://www.ctan.org/pkg/asmeconf},
  urldate 	= {January 10, 2022},
}    

@online{sharpe1,
  author 	= {Michael Sharpe},
  title 	= {New {TX} Font Package},
  version	= {1.640},
  organization = {Comprehensive \TeX\ Archive Network},
  year 		= {2020},
  url 		= {https://ctan.org/pkg/newtx},
  urldate 	= {January 4, 2021},
}

@online{sharpe2,
  author 	= {Michael Sharpe},
  title 	= {The \textsf{mathalfa} Package},
  version	= {1.10},
  organization = {Comprehensive \TeX\ Archive Network},
  year 		= {2018},
  url 		= {https://ctan.org/pkg/mathalfa},
  urldate 	= {April 27, 2019},
}

@online{tolusis,
  author 	= {Sigitas Tolu{\v{s}}is},
  title 	= {The \textsf{flushend} Package},
  version	= {3.3},
  organization = {Comprehensive \TeX\ Archive Network},
  year 		= {2017},
  url		= {https://www.ctan.org/pkg/flushend},
  urldate 	= {October 1, 2019},
}

@online{bottcher,
  author 	= {Stephan I. B{\"o}ttcher and Uwe L{\"u}ck},
  title 	= {\textsf{lineno.sty}: A {\LaTeX} Package to Attach Line Numbers to Paragraphs},
  version	= {4.41},
  organization = {Comprehensive \TeX\ Archive Network},
  year 		= {2005},
  url 		= {https://www.ctan.org/pkg/lineno},
  urldate 	= {August 17, 2019},
}

@online{oostrum,
  author 	= {Piet van Oostrum},
  title 	= {The \textsf{fancyhdr} and \textsf{extramarks} Packages},
  version	= {3.10},
  organization = {Comprehensive \TeX\ Archive Network},
  year 		= {2019},
  url 		= {https://www.ctan.org/pkg/fancyhdr},
  urldate 	= {August 17, 2019},
}                           

@online{fairbairns,
  author 	= {Robin Fairbairns and Sebastian Rahtz and Leonor Barroca},
  title 	= {A Package for Rotated Objects in \LaTeX},
  version	= {2.16d},
  organization = {Comprehensive \TeX\ Archive Network},
  year 		= {2016},
  url 		= {https://www.ctan.org/pkg/rotating},
  urldate 	= {October 2, 2019},
}      

@online{mpl,
  title		= {mpl colormaps},
  author	= {St{\'e}fan {van der Walt} and Nathaniel Smith},
  organization = {GitHub},
  address 	= {San Francisco, CA},
  year 		= 2015,
  url 		= {http://bids.github.io/colormap/},
  urldate 	= {August 26, 2018},
}

@inbook{inbook,
  author 	= {Winston S. Churchill},
  year 		= {1948},
  title 	= {The Gathering Storm},
  edition 	= {1},
  series 	= {The Second World War},
  volume 	= {1},
  chapter	= {5},
  pages 	= {66--89},
  publisher = {Houghton Mifflin Co.},
  address 	= {Boston},
  note 		= {{``The Locust Years''}},
}
%% inbook supports these fields: 	author OR editor, year, title, edition, series, 
%%									volume OR number, doi, url, eprint with archive, publisher, 
%%									address, version, versiontype, note. 
%%
%% type={} field changes "Chap." to something else.
%% You can change "Version" with "versiontype, e.g., versiontype = {Release},


@BOOK{book,
  author 	= {James Tiberius Kirk},
  year 		= {2288},
  title 	= {Decline and Fall of the Romulan Empire},
  edition 	= {7},
  series 	= {Humankind's Greatest Writings},
  volume 	= {23},
  url 		= {http://web.mit.edu},
  publisher = {Vulcan Free Press},
  address 	= {T'Paal},
  note = {to appear},
}

% not currently citing this one
  author 	= {G\"{u}nter Milde},
  title 	= {{\texttt{substitutefont}}---Easy font substitution},
  version	= {0.1.4},
  organization = {Comprehensive \TeX\ Archive Network},
  year 		= {2013},
  url 		= {https://www.ctan.org/pkg/substitutefont},
  urldate 	= {December 9, 2020},
     
